<?xml version = "1.0" encoding = "UTF-8"?><record>
    <leader>00000nms#a2200000#c#4500</leader>
    <controlfield tag="003">DE-605</controlfield>
    <controlfield tag="005">20200415160800.0</controlfield>
    <controlfield tag="007">cr#|||||||||||</controlfield>
    <controlfield tag="008">170509m20102016gw#a####o##|########eng#c</controlfield>
    <controlfield tag="009">HT020237677</controlfield>
    <controlfield tag="001">990364298640206441</controlfield>
    <datafield tag="035" ind1=" " ind2=" ">
      <subfield code="a">HT020237677</subfield>
    </datafield>
    <datafield tag="035" ind1=" " ind2=" ">
      <subfield code="a">(DE-605)HT020237677</subfield>
    </datafield>
    <datafield tag="035" ind1=" " ind2=" ">
      <subfield code="a">(ALEPHCCHBZ)036429864HBZ01</subfield>
    </datafield>
    <datafield tag="015" ind1=" " ind2=" ">
      <subfield code="a">19,O11</subfield>
      <subfield code="2">dnb</subfield>
    </datafield>
    <datafield tag="016" ind1="7" ind2=" ">
      <subfield code="a">1131635264</subfield>
      <subfield code="2">DE-101b</subfield>
    </datafield>
    <datafield tag="016" ind1="7" ind2=" ">
      <subfield code="a">2986489-6</subfield>
      <subfield code="2">DE-600</subfield>
    </datafield>
    <datafield tag="035" ind1=" " ind2=" ">
      <subfield code="a">(DE-600)2986489-6</subfield>
    </datafield>
    <datafield tag="035" ind1=" " ind2=" ">
      <subfield code="a">(DE-599)DNB1131635264</subfield>
    </datafield>
    <datafield tag="040" ind1=" " ind2=" ">
      <subfield code="a">1240</subfield>
      <subfield code="b">ger</subfield>
      <subfield code="c">DNB</subfield>
      <subfield code="d">1241</subfield>
      <subfield code="e">rda</subfield>
    </datafield>
    <datafield tag="041" ind1=" " ind2=" ">
      <subfield code="a">eng</subfield>
    </datafield>
    <datafield tag="044" ind1=" " ind2=" ">
      <subfield code="c">XA-DE</subfield>
    </datafield>
    <datafield tag="084" ind1=" " ind2=" ">
      <subfield code="a">330</subfield>
      <subfield code="q">DE-101</subfield>
      <subfield code="2">sdnb</subfield>
    </datafield>
    <datafield tag="084" ind1=" " ind2=" ">
      <subfield code="a">330</subfield>
      <subfield code="q">DE-600</subfield>
      <subfield code="2">zdbs</subfield>
    </datafield>
    <datafield tag="090" ind1=" " ind2=" ">
      <subfield code="n">la</subfield>
    </datafield>
    <datafield tag="110" ind1="2" ind2=" ">
      <subfield code="a">Voith GmbH</subfield>
      <subfield code="0">(DE-588)16097653-4</subfield>
      <subfield code="4">aut</subfield>
    </datafield>
    <datafield tag="240" ind1="1" ind2="0">
      <subfield code="a">Gesch&#228;ftsbericht</subfield>
    </datafield>
    <datafield tag="245" ind1="1" ind2="0">
      <subfield code="a">Annual report ...</subfield>
      <subfield code="c">Voith GmbH</subfield>
    </datafield>
    <datafield tag="264" ind1="3" ind2="1">
      <subfield code="a">Heidenheim</subfield>
      <subfield code="b">Voith</subfield>
      <subfield code="c">[2010-2016]</subfield>
    </datafield>
    <datafield tag="300" ind1=" " ind2=" ">
      <subfield code="a">Online-Ressource</subfield>
    </datafield>
    <datafield tag="336" ind1=" " ind2=" ">
      <subfield code="b">txt</subfield>
    </datafield>
    <datafield tag="337" ind1=" " ind2=" ">
      <subfield code="b">c</subfield>
    </datafield>
    <datafield tag="338" ind1=" " ind2=" ">
      <subfield code="b">cr</subfield>
    </datafield>
    <datafield tag="362" ind1="0" ind2=" ">
      <subfield code="a">2009/2010-2016</subfield>
    </datafield>
    <datafield tag="363" ind1="0" ind2="0">
      <subfield code="8">1.1\x</subfield>
      <subfield code="i">2009</subfield>
    </datafield>
    <datafield tag="363" ind1="1" ind2="0">
      <subfield code="8">1.2\x</subfield>
      <subfield code="i">2016</subfield>
    </datafield>
    <datafield tag="500" ind1=" " ind2=" ">
      <subfield code="a">Gesehen am 10.10.19</subfield>
      <subfield code="9">F:501</subfield>
    </datafield>
    <datafield tag="583" ind1="1" ind2=" ">
      <subfield code="a">Archivierung/Langzeitarchivierung gew&#228;hrleistet</subfield>
      <subfield code="5">DE-101</subfield>
      <subfield code="2">pdager</subfield>
    </datafield>
    <datafield tag="655" ind1=" " ind2="7">
      <subfield code="a">Zeitschrift</subfield>
      <subfield code="0">(DE-588)4067488-5</subfield>
      <subfield code="2">gnd-content</subfield>
    </datafield>
    <datafield tag="775" ind1="0" ind2="8">
      <subfield code="i">Parallele Sprachausgabe</subfield>
      <subfield code="n">deutsch</subfield>
      <subfield code="a">Voith GmbH</subfield>
      <subfield code="t">Gesch&#228;ftsbericht ... / Voith GmbH</subfield>
      <subfield code="d">Heidenheim : Voith, 2010-[2016]</subfield>
      <subfield code="h">Online-Ressource</subfield>
      <subfield code="w">(DE-605)HT017901074</subfield>
      <subfield code="9">F:775</subfield>
    </datafield>
    <datafield tag="776" ind1="0" ind2="8">
      <subfield code="i">Erscheint auch als</subfield>
      <subfield code="n">Druck-Ausgabe</subfield>
      <subfield code="a">Voith GmbH</subfield>
      <subfield code="t">Annual report ...</subfield>
      <subfield code="d">Heidenheim : Voith GmbH, 2010-[2016]</subfield>
      <subfield code="w">(DE-605)HT016690084</subfield>
      <subfield code="9">F:776</subfield>
    </datafield>
    <datafield tag="785" ind1="0" ind2="0">
      <subfield code="i">Fortgesetzt durch</subfield>
      <subfield code="a">Voith GmbH &amp; Co. KGaA</subfield>
      <subfield code="t">Annual Report ...</subfield>
      <subfield code="d">Heidenheim : Voith, [2017]-</subfield>
      <subfield code="h">Online-Ressource</subfield>
      <subfield code="w">(DE-605)HT020428856</subfield>
      <subfield code="9">F:785</subfield>
    </datafield>
    <datafield tag="856" ind1="4" ind2="0">
      <subfield code="u">https://www.voith.com/de/presse/berichte-und-magazine-18929.html</subfield>
      <subfield code="x">Verlag</subfield>
      <subfield code="z">kostenfrei</subfield>
    </datafield>
    <datafield tag="960" ind1="1" ind2=" ">
      <subfield code="z">lzZDB</subfield>
    </datafield>
    <datafield tag="964" ind1="0" ind2="s">
      <subfield code="F">030</subfield>
      <subfield code="A">a||ur||||||27</subfield>
    </datafield>
    <datafield tag="964" ind1="0" ind2="s">
      <subfield code="F">050</subfield>
      <subfield code="A">||||||||g|||||</subfield>
    </datafield>
    <datafield tag="964" ind1="0" ind2="s">
      <subfield code="F">052</subfield>
      <subfield code="A">p||||||ta||||||</subfield>
    </datafield>
    <datafield tag="MBD" ind1=" " ind2=" ">
      <subfield code="M">49HBZ_NETWORK</subfield>
      <subfield code="i">990364298640206441</subfield>
      <subfield code="n">HBZ Network</subfield>
    </datafield>
    <datafield tag="MBD" ind1=" " ind2=" ">
      <subfield code="M">49HBZ_FHA</subfield>
      <subfield code="i">991003226079706444</subfield>
      <subfield code="n">Fachhochschule Aachen</subfield>
    </datafield>
    <datafield tag="500" ind1=" " ind2=" ">
      <subfield code="a">Gesehen am 10.10.19</subfield>
      <subfield code="9">F:501</subfield>
      <subfield code="M">49HBZ_FHA</subfield>
    </datafield>
    <datafield tag="775" ind1="0" ind2="8">
      <subfield code="i">Parallele Sprachausgabe</subfield>
      <subfield code="n">deutsch</subfield>
      <subfield code="a">Voith GmbH</subfield>
      <subfield code="t">Gesch&#228;ftsbericht ... / Voith GmbH</subfield>
      <subfield code="d">Heidenheim : Voith, 2010-[2016]</subfield>
      <subfield code="h">Online-Ressource</subfield>
      <subfield code="w">(DE-605)HT017901074</subfield>
      <subfield code="9">F:775</subfield>
      <subfield code="M">49HBZ_FHA</subfield>
    </datafield>
    <datafield tag="776" ind1="0" ind2="8">
      <subfield code="i">Erscheint auch als</subfield>
      <subfield code="n">Druck-Ausgabe</subfield>
      <subfield code="a">Voith GmbH</subfield>
      <subfield code="t">Annual report ...</subfield>
      <subfield code="d">Heidenheim : Voith GmbH, 2010-[2016]</subfield>
      <subfield code="w">(DE-605)HT016690084</subfield>
      <subfield code="9">F:776</subfield>
      <subfield code="M">49HBZ_FHA</subfield>
    </datafield>
    <datafield tag="785" ind1="0" ind2="0">
      <subfield code="i">Fortgesetzt durch</subfield>
      <subfield code="a">Voith GmbH &amp; Co. KGaA</subfield>
      <subfield code="t">Annual Report ...</subfield>
      <subfield code="d">Heidenheim : Voith, [2017]-</subfield>
      <subfield code="h">Online-Ressource</subfield>
      <subfield code="w">(DE-605)HT020428856</subfield>
      <subfield code="9">F:785</subfield>
      <subfield code="M">49HBZ_FHA</subfield>
    </datafield>
    <datafield tag="980" ind1="1" ind2=" ">
      <subfield code="9">LOCAL</subfield>
      <subfield code="e">HBZ</subfield>
      <subfield code="M">49HBZ_FHA</subfield>
    </datafield>
    <datafield tag="981" ind1=" " ind2=" ">
      <subfield code="9">LOCAL</subfield>
      <subfield code="a">(DE-A96)926550</subfield>
      <subfield code="M">49HBZ_FHA</subfield>
    </datafield>
    <datafield tag="997" ind1=" " ind2=" ">
      <subfield code="9">LOCAL</subfield>
      <subfield code="a">20191011</subfield>
      <subfield code="M">49HBZ_FHA</subfield>
    </datafield>
    <datafield tag="MBD" ind1=" " ind2=" ">
      <subfield code="M">49HBZ_UDE</subfield>
      <subfield code="i">990199419500206446</subfield>
      <subfield code="n">Universitat Duisburg-Essen</subfield>
    </datafield>
    <datafield tag="500" ind1=" " ind2=" ">
      <subfield code="a">Gesehen am 10.10.19</subfield>
      <subfield code="9">F:501</subfield>
      <subfield code="M">49HBZ_UDE</subfield>
    </datafield>
    <datafield tag="775" ind1="0" ind2="8">
      <subfield code="i">Parallele Sprachausgabe</subfield>
      <subfield code="n">deutsch</subfield>
      <subfield code="a">Voith GmbH</subfield>
      <subfield code="t">Gesch&#228;ftsbericht ... / Voith GmbH</subfield>
      <subfield code="d">Heidenheim : Voith, 2010-[2016]</subfield>
      <subfield code="h">Online-Ressource</subfield>
      <subfield code="w">(DE-605)HT017901074</subfield>
      <subfield code="9">F:775</subfield>
      <subfield code="M">49HBZ_UDE</subfield>
    </datafield>
    <datafield tag="776" ind1="0" ind2="8">
      <subfield code="i">Erscheint auch als</subfield>
      <subfield code="n">Druck-Ausgabe</subfield>
      <subfield code="a">Voith GmbH</subfield>
      <subfield code="t">Annual report ...</subfield>
      <subfield code="d">Heidenheim : Voith GmbH, 2010-[2016]</subfield>
      <subfield code="w">(DE-605)HT016690084</subfield>
      <subfield code="9">F:776</subfield>
      <subfield code="M">49HBZ_UDE</subfield>
    </datafield>
    <datafield tag="785" ind1="0" ind2="0">
      <subfield code="i">Fortgesetzt durch</subfield>
      <subfield code="a">Voith GmbH &amp; Co. KGaA</subfield>
      <subfield code="t">Annual Report ...</subfield>
      <subfield code="d">Heidenheim : Voith, [2017]-</subfield>
      <subfield code="h">Online-Ressource</subfield>
      <subfield code="w">(DE-605)HT020428856</subfield>
      <subfield code="9">F:785</subfield>
      <subfield code="M">49HBZ_UDE</subfield>
    </datafield>
    <datafield tag="MBD" ind1=" " ind2=" ">
      <subfield code="M">49HBZ_DUE</subfield>
      <subfield code="i">990043007460206443</subfield>
      <subfield code="n">Universit&#228;t D&#252;sseldorf</subfield>
    </datafield>
    <datafield tag="500" ind1=" " ind2=" ">
      <subfield code="a">Gesehen am 10.10.19</subfield>
      <subfield code="9">F:501</subfield>
      <subfield code="M">49HBZ_DUE</subfield>
    </datafield>
    <datafield tag="775" ind1="0" ind2="8">
      <subfield code="i">Parallele Sprachausgabe</subfield>
      <subfield code="n">deutsch</subfield>
      <subfield code="a">Voith GmbH</subfield>
      <subfield code="t">Gesch&#228;ftsbericht ... / Voith GmbH</subfield>
      <subfield code="d">Heidenheim : Voith, 2010-[2016]</subfield>
      <subfield code="h">Online-Ressource</subfield>
      <subfield code="w">(DE-605)HT017901074</subfield>
      <subfield code="9">F:775</subfield>
      <subfield code="M">49HBZ_DUE</subfield>
    </datafield>
    <datafield tag="776" ind1="0" ind2="8">
      <subfield code="i">Erscheint auch als</subfield>
      <subfield code="n">Druck-Ausgabe</subfield>
      <subfield code="a">Voith GmbH</subfield>
      <subfield code="t">Annual report ...</subfield>
      <subfield code="d">Heidenheim : Voith GmbH, 2010-[2016]</subfield>
      <subfield code="w">(DE-605)HT016690084</subfield>
      <subfield code="9">F:776</subfield>
      <subfield code="M">49HBZ_DUE</subfield>
    </datafield>
    <datafield tag="785" ind1="0" ind2="0">
      <subfield code="i">Fortgesetzt durch</subfield>
      <subfield code="a">Voith GmbH &amp; Co. KGaA</subfield>
      <subfield code="t">Annual Report ...</subfield>
      <subfield code="d">Heidenheim : Voith, [2017]-</subfield>
      <subfield code="h">Online-Ressource</subfield>
      <subfield code="w">(DE-605)HT020428856</subfield>
      <subfield code="9">F:785</subfield>
      <subfield code="M">49HBZ_DUE</subfield>
    </datafield>
    <datafield tag="MNG" ind1=" " ind2=" ">
      <subfield code="f">ILS</subfield>
      <subfield code="i">marc21</subfield>
      <subfield code="k">01</subfield>
      <subfield code="e">false</subfield>
      <subfield code="g">036429864-HBZ01</subfield>
      <subfield code="j">90</subfield>
      <subfield code="a">import</subfield>
      <subfield code="b">2020-07-17 03:13:32 Europe/Berlin</subfield>
    </datafield>
    <datafield tag="POR" ind1=" " ind2=" ">
      <subfield code="x">System</subfield>
      <subfield code="a">5334357250006444</subfield>
      <subfield code="M">49HBZ_FHA</subfield>
      <subfield code="c">static</subfield>
      <subfield code="l">kostenfrei</subfield>
      <subfield code="y">2020-07-23 14:32:25 Europe/Berlin</subfield>
      <subfield code="w">2020-07-23 14:32:20 Europe/Berlin</subfield>
      <subfield code="D">https://eu04.alma.exlibrisgroup.com/view/uresolver/49HBZ_NETWORK/openurl?u.ignore_date_coverage=true&amp;portfolio_pid=5334357250006444&amp;Force_direct=true</subfield>
      <subfield code="v">P2E_JOB</subfield>
      <subfield code="z">2020-07-23 12:32:20</subfield>
      <subfield code="i">false</subfield>
      <subfield code="S">5234357260006444</subfield>
      <subfield code="d">e?u.ignore_date_coverage=true&amp;rft.mms_id=991003226079706444</subfield>
      <subfield code="b">Available</subfield>
      <subfield code="f">BOOK</subfield>
      <subfield code="8">5334357250006444</subfield>
    </datafield>
    <datafield tag="POR" ind1=" " ind2=" ">
      <subfield code="x">System</subfield>
      <subfield code="a">5398415770006443</subfield>
      <subfield code="M">49HBZ_DUE</subfield>
      <subfield code="c">static</subfield>
      <subfield code="l">kostenfrei</subfield>
      <subfield code="y">2020-07-06 17:33:09 Europe/Berlin</subfield>
      <subfield code="w">2020-07-06 17:33:04 Europe/Berlin</subfield>
      <subfield code="D">https://eu04.alma.exlibrisgroup.com/view/uresolver/49HBZ_NETWORK/openurl?u.ignore_date_coverage=true&amp;portfolio_pid=5398415770006443&amp;Force_direct=true</subfield>
      <subfield code="v">P2E_JOB</subfield>
      <subfield code="z">2020-07-06 15:33:04</subfield>
      <subfield code="i">false</subfield>
      <subfield code="S">5298415780006443</subfield>
      <subfield code="d">e?u.ignore_date_coverage=true&amp;rft.mms_id=990043007460206443</subfield>
      <subfield code="b">Available</subfield>
      <subfield code="f">DOCUMENT</subfield>
      <subfield code="8">5398415770006443</subfield>
    </datafield>
  </record>